2430 4568
558 445 630 525 ἶφι
643 441 782 526 Aflmh'
1116 447 1155 519 εἴ

139 542 337 610 ‘inerreffione
359 543 506 609 laruas,
540 546 655 608 conceda
690 564 760 618 ego,
778 544 833 622 ladr
848 565 902 607 non
920 564 994 623 ego,
1016 547 1088 609 ritie
1105 565 1195 609 autem

151 622 313 694 propitiust
341 640 372 681 ut
399 624 445 692 qui
465 638 511 681 tua
534 640 584 692 per
596 639 658 680 etun
692 623 719 678 in
736 638 779 678 me
798 617 941 682 Christus.
959 626 1049 694 Longe
1066 618 1197 683 excrlltn·

151 693 281 753 btneficia
306 693 466 766 poscimus,
504 693 574 767 dono
604 711 657 752 tua
691 696 746 749 rius
765 696 882 770 Martyr‚
902 696 936 754 fic
954 715 1075 753 mortuus
1092 693 1198 752 vivebat

148 768 247 838 gratia
262 767 473 837 consequamur·
502 768 551 824 Per
570 767 655 825 Drim.
693 767 718 822 in
737 763 868 836 Christo,
886 787 967 838 quam
987 764 1005 823 fi
1026 766 1138 826 feliciter
1146 765 1197 825 lio-

168 837 303 922 anprr‘nrr
319 840 471 904 Nollrmro,
488 838 657 902 Leliionnde
691 857 769 909 uns,
796 837 898 898 alicnus
923 841 984 898 effer
1009 837 1025 899 d
1050 837 1162 898 Cluilio
1186 872 1199 893 .

149 919 295 988 Strtptm
311 931 475 970 occurrente.
691 909 773 970 Vides
810 931 891 981 quam
918 910 1038 985 locuples
1071 911 1134 973 talis
1161 910 1192 971 lit'

135 1046 138 1050 ,
245 984 400 1059 lustrando
417 981 565 1054 Nollurno.
690 1003 787 1053 mort,
813 1004 873 1055 quae
890 985 973 1043 vitam
998 1004 1061 1044 cum
1081 982 1193 1045 Cluilio

149 1057 196 1117 De
216 1056 342 1118 Sermone
367 1060 395 1125 S.
413 1059 550 1118 Laurentii
573 1055 655 1131 lulli·
690 1051 790 1128 praellat
806 1074 951 1127 aeternam,
976 1056 1010 1116 fic
1024 1057 1100 1130 plane
1117 1075 1191 1116 mor-

173 1131 245 1186 niani
264 1130 423 1191 Partiarchae
441 1134 632 1190 Venetiarum.
688 1145 751 1187 tuus
768 1148 823 1188 erat
840 1131 931 1189 beatus
948 1132 1087 1205 Georgius
1102 1133 1197 1191 vivon

149 1208 185 1258 ln
207 1198 273 1278 festo
301 1211 330 1261 S.
356 1202 493 1286 Martyris
519 1202 656 1279 ejusdem.
688 1202 715 1259 in
732 1198 858 1263 Christo.
875 1207 996 1263 Mortuus
1013 1206 1114 1278 quippe
1132 1221 1193 1262 erat

147 1317 159 1327 -
340 1273 421 1338 Lollio
438 1297 480 1333 tv.
688 1276 777 1339 vitiis,
792 1294 916 1334 mortuus
926 1296 981 1335 erat
990 1273 1102 1344 saecuio,
1121 1293 1193 1334 rnor-

149 1349 326 1479 GEorgiue
343 1365 524 1422 propugnator
540 1351 656 1408 eximius
688 1365 749 1406 tuus
766 1367 821 1408 etat
839 1356 865 1409 dt
876 1347 941 1406 libi.
957 1347 1017 1408 Nisr
1031 1347 1119 1408 taliter
1128 1347 1194 1406 fnis-

230 1439 340 1481 terrente
358 1423 563 1481 obrenuntiavit
585 1421 657 1481 tnili·
688 1421 725 1478 set
742 1439 877 1490 mortuus,
893 1424 1004 1479 minime
1019 1417 1132 1480 Christo
1151 1421 1196 1478 vi·

152 1498 222 1565 tite,
239 1511 271 1551 ut
289 1492 392 1553 Cirrilli
411 1493 490 1553 miles
506 1492 657 1555 efficeretur
689 1512 748 1551 vere
767 1494 892 1564 potuisset
907 1536 916 1552 .
943 1499 984 1554 An
1002 1512 1054 1552 non
1070 1511 1197 1554 mortuus

152 1569 295 1640 egregius:
313 1566 472 1632 facultates,
496 1586 563 1636 quar
580 1567 657 1628 habe-
689 1582 745 1624 erat
765 1565 883 1628 sacculo,
900 1569 950 1637 qui
967 1566 1196 1639 oblatasdignira-

154 1643 219 1706 bat,
236 1637 356 1712 disperde
373 1639 552 1712 pauperibus,
568 1659 598 1699 ut
614 1642 656 1699 di·
692 1655 750 1706 tes,
767 1646 794 1698 &
812 1640 928 1711 gaudia,
945 1658 995 1710 pro
1013 1656 1102 1698 amore
1111 1638 1195 1699 Chri·

152 1714 235 1776 vitias
253 1731 378 1784 perennes
398 1710 537 1786 pollideret
564 1714 592 1771 in
609 1733 658 1772 car·
689 1707 719 1766 sti
738 1746 749 1776 ,
771 1717 796 1770 dt
817 1713 862 1783 spe
879 1729 982 1769 artemae
1007 1711 1135 1769 mercedis
1151 1730 1195 1769 re-

151 1784 203 1849 io:
221 1785 295 1844 suam
313 1802 422 1856 quoque
439 1790 554 1845 animam
572 1785 658 1845 odivit
690 1781 803 1855 pulsavit
821 1802 850 1842 ut
867 1782 995 1846 narona
1012 1783 1197 1842 Nonnevi'tiit

152 1860 179 1916 in
200 1857 318 1923 mundo,
334 1876 365 1918 ue
385 1862 413 1918 in
431 1862 515 1917 vitam
533 1857 659 1918 illamcu·
689 1872 744 1914 trar
768 1855 929 1928 defunctus,
958 1858 1004 1927 qui
1029 1855 1197 1919 lebetibus,

151 1929 263 1990 ilodiret
282 1950 421 1991 artemam.
438 1935 581 2005 Repererat
598 1951 658 2003 pre·
689 1926 859 1996 abstinentia,
880 1946 1054 2001 paupertate,
1080 1929 1194 1986 virtuti-

151 2003 250 2062 tiosam
285 2006 478 2075 margaritam,
513 2001 660 2064 latitantem
689 2001 790 2070 busque
806 2006 908 2062 carretis
923 2000 1197 2073 corpusquotidiaua

149 2079 179 2136 in
198 2094 280 2148 agro,
300 2097 345 2147 per
361 2077 434 2147 quod
452 2074 582 2136 diliradiis
598 2096 658 2133 om-
691 2075 864 2132 maceratione
881 2073 1024 2135 domabat?
1040 2076 1083 2132 Dc
1095 2072 1194 2132 talibus

146 2150 261 2213 uibus,
285 2167 417 2208 mutuus
432 2147 471 2208 eit
489 2169 572 2208 earn.
597 2150 657 2208 Do·
691 2146 766 2205 Pauli
787 2165 852 2205 voce
870 2147 998 2207 dicitur.-
1021 2149 1081 2215 Qut
1107 2163 1196 2204 autem

144 2224 260 2281 minum
278 2218 512 2292 dixiilraudierat3
532 2221 659 2293 Nifiquis
690 2219 747 2277 sunt
767 2216 894 2285 Chrilli,
918 2239 1020 2278 carnem
1038 2220 1112 2277 suam
1130 2236 1195 2277 rtu-

143 2295 346 2354 renuncinerir
363 2296 502 2363 munibus,
519 2315 579 2364 quar
598 2295 656 2364 pol·
689 2292 795 2367 eifirtrte
813 2313 878 2353 cunr
895 2295 981 2356 viriis,
1014 2297 1042 2352 dr
1060 2291 1194 2361 cuncupi-

141 2366 238 2438 fider,
255 2385 306 2426 non
324 2364 408 2440 potest
428 2387 502 2426 meus
517 2369 566 2426 elie
582 2365 659 2425 disci·
691 2365 813 2425 scentiis.
830 2364 980 2442 Quomodo
998 2383 1063 2424 tero
1077 2363 1123 2422 fibi
1143 2360 1193 2431 r'pfi

139 2438 270 2516 pulus:
306 2439 429 2510 praetnlrr
462 2438 655 2512 discipulatum
690 2437 780 2496 tirille
800 2438 899 2499 sarnus
918 2437 964 2497 ille
983 2436 1109 2497 dicendus
1126 2433 1192 2505 est,

145 2509 263 2575 Christi
282 2510 395 2585 opinor,
414 2511 584 2578 honoribus,
612 2532 659 2570 ro·
689 2510 736 2579 qui
762 2509 868 2570 terbum
896 2512 950 2569 Dei
985 2515 1195 2580 circumquaque

147 2584 324 2660 luprarims,
340 2591 465 2659 corpori,
483 2591 510 2646 dt
529 2604 659 2656 tempora-
690 2583 874 2652 dilitrninans,
890 2578 996 2640 Chrilii
1014 2580 1126 2653 gloriam
1143 2600 1193 2638 au-

140 2658 167 2719 li
188 2658 276 2724 vira:
306 2658 369 2717 ideo
384 2659 532 2731 intrepidus
546 2689 555 2721 r
573 2677 659 2716 arma·
690 2656 820 2713 dientium
827 2655 936 2716 auribus
945 2653 1097 2714 insonabat?
1111 2655 1195 2724 Quos

140 2749 222 2807 tus,
239 2736 267 2790 δι
282 2730 368 2791 nudus
391 2731 497 2792 secutus
519 2728 556 2791 eli
574 2729 658 2790 Clui-
691 2727 791 2788 valebat
809 2729 912 2788 auferre
930 2723 1053 2790 diabolo,
1075 2723 1196 2784 lucraba-

144 2802 251 2864 llum.
282 2806 347 2865 Non
369 2811 507 2874 carceres,
533 2802 661 2876 gladios,
691 2821 733 2860 tur
746 2800 874 2864 Christo:
892 2800 1108 2874 magnanimitate
1119 2815 1195 2856 turn-

144 2874 661 2949 fustea,rincula,aculeos‚tortores,
689 2895 741 2945 que
765 2879 955 2948 praecinitur,
991 2879 1018 2932 dt
1054 2867 1195 2931 charitatis

148 2951 278 3021 ignem,
304 2968 429 3025 tyrannos
446 2951 585 3023 expavit,
611 2966 660 3005 nec
690 2947 760 3005 bono
787 2947 935 3016 sulibltus,
958 2965 1049 3005 coram
1076 2944 1196 3016 Regibus

147 3039 288 3084 mortem:
305 3022 390 3085 nudus
407 3021 504 3082 nudum
521 3017 660 3082 Cluilium
690 3027 716 3081 dc
734 3037 808 3079 tetra·
824 3018 993 3093 Principibus
1002 3015 1144 3078 Christum
1160 3015 1197 3075 li·

148 3091 308 3155 atrendebat
326 3099 354 3155 in
371 3093 490 3168 llipire,
515 3091 590 3152 illius
615 3111 658 3151 ac·
691 3092 752 3151 bera
770 3093 943 3154 confitebatur
962 3112 1041 3153 voce.

148 3165 314 3228 cendebatur
321 3167 465 3240 extmplo,
483 3166 593 3240 ejusque
602 3165 659 3237 pas·
692 3177 726 3234 nr·
745 3165 778 3224 In
793 3164 874 3225 servis
893 3167 957 3249 [αἱς.
975 3164 1014 3247 xl..

150 3237 236 3297 lionis
260 3239 397 3301 doloribus
423 3240 592 3312 angebatur·
630 3240 660 3297 0
879 3234 961 3300 uile,
979 3258 1024 3297 vt.

154 3313 235 3371 beata
252 3331 325 3374 mens
351 3317 505 3392 Martyris,
529 3332 591 3382 quae
614 3330 661 3369 nec
765 3313 816 3371 Ine
833 3310 932 3372 factum
952 3309 1015 3382 est,
1041 3324 1072 3369 ut
1090 3310 1197 3371 cuceri

151 3381 349 3455 tribulatione,
371 3407 421 3448 nec
438 3383 557 3457 anguilla
578 3417 589 3451 ,
614 3403 661 3442 ner
694 3425 719 3436 .-
775 3387 1000 3459 manciparetur,
1028 3386 1139 3455 virgin,
1171 3391 1199 3444 dt

151 3456 244 3531 plagis
261 3497 272 3531 ,
287 3480 338 3520 nec
353 3459 504 3526 laboribus,
516 3468 518 3473 ⁴
530 3479 577 3519 nec
596 3475 657 3529 prae·
693 3457 873 3530 scorpionibus
888 3459 1049 3529 crederetur,
1066 3456 1200 3531 lampada·

151 3528 292 3596 sentibus:
310 3553 359 3594 nec
379 3532 500 3600 futuris,
517 3529 533 3592 d
551 3527 662 3592 Christo
692 3552 751 3590 tum
769 3529 917 3592 ustionibus
942 3553 1132 3598 cremaretur,
1158 3529 1201 3590 la·

153 3601 242 3663 valuit
259 3605 387 3679 separari!
692 3608 825 3672 niaretur,
845 3624 1029 3677 torqueretur,
1056 3607 1201 3679 pcrimerc-

153 3688 191 3748 iu·
212 3679 272 3738 Lux
291 3698 430 3753 perpetua.
450 3679 487 3740 xi.
693 3696 762 3737 tur.
788 3681 819 3737 In
838 3677 907 3750 iris,
934 3682 1061 3747 quonism
1091 3677 1201 3734 virebat

349 3752 432 3816 tellio
450 3775 479 3813 v.
693 3747 830 3816 Christo:
855 3754 881 3810 se
904 3750 1046 3811 erlribebtt
1071 3767 1101 3807 ur
1128 3769 1201 3808 mor·

175 3833 183 3841 '
232 3824 324 3887 Irebn
347 3829 376 3887 in
404 3846 481 3887 carne
501 3859 512 3896 ,
536 3817 662 3883 &corde
693 3841 788 3884 tuum.
805 3821 890 3886 Nulla
908 3825 984 3894 plane
1001 3822 1197 3894 inilloqueri-

239 3908 300 3958 curn
318 3896 429 3961 Chcillo
453 3904 508 3975 jum
535 3892 662 3969 pendebat
694 3901 791 3957 monite
820 3899 956 3958 relbrubat
993 3917 1047 3955 vox
1071 3931 1081 3965 ,
1113 3894 1201 3956 nullus

154 3974 186 4029 in
206 3970 312 4043 cruce,
332 3972 448 4042 ideoque
467 3969 572 4031 dicebat
580 3968 661 4027 Clui-
693 3971 853 4046 repugnandi
861 3988 965 4029 motus·
983 3968 1201 4042 Tamquambel-

151 4041 211 4117 llo,
242 4045 325 4109 Cruci
347 4046 467 4118 confixus
484 4044 568 4110 sum:
597 4043 661 4102 vivo
692 4039 759 4104 lator
782 4048 932 4121 praecipuus
960 4044 1119 4174 arbitratuss
1133 4039 1199 4115 eli,

473 4151 475 4154 >
668 4143 672 4150 -
1117 4134 1163 4177 ore
