2430 4568
485 526 555 606 sena
563 522 672 601 junii:
837 526 844 555 ¹
1011 520 1063 589 125

57 618 116 693 Dei
142 622 146 631 '
191 624 252 689 soso
277 621 400 689 Minillro
425 622 480 695 fuit
497 626 568 685 otio·
593 622 737 687 sebastiani
754 621 900 697 Templum
914 618 1009 683 clauiia
1016 624 1104 697 januis

60 700 140 761 luen.
172 725 191 763 u
207 700 340 761 malorum
366 696 508 759 tolerantia
526 703 563 756 in·
596 700 757 771 penetravit.

58 772 235 839 vidiliimus:
261 773 338 835 ulcus
357 776 428 831 num
448 770 567 843 gratilli-
597 785 630 841 u·
653 768 704 829 lile
721 770 805 829 homo
823 769 945 841 perfecit·
965 769 1073 831 lxxxiii.

59 868 156 919 mum,
172 846 254 923 ipius
278 848 371 921 pedus
393 842 491 905 affidue
514 866 570 903 eo··
615 853 645 899 ln
664 843 741 898 sertia
759 844 836 915 Reii.
853 842 967 901 rimisa
992 853 1020 903 S.
1040 849 1107 903 Gre-

60 920 176 993 rodtns,
201 924 240 981 ita
257 938 375 993 quatuor
390 922 464 979 annis
482 916 568 977 occul·
593 914 668 991 gorii
683 925 761 993 Pepae
778 924 809 974 in
828 929 933 992 evang.
951 923 1009 978 Sint
1033 912 1107 976 lum-

61 997 154 1067 tavit‚
170 1013 201 1053 ut
218 1014 251 1055 ne
268 995 387 1053 minimo
403 992 511 1064 quidem
526 1012 570 1063 ge·
597 994 624 1051 bi
643 987 720 1049 veliti
739 992 883 1057 praeiudi.
900 1010 931 1047 us
949 990 980 1047 in
995 1002 1108 1049 commu·

61 1070 134 1126 mitu
162 1084 209 1127 aur
239 1066 354 1141 suspirio
380 1063 572 1124 acerbili'rmum
598 1061 630 1120 m'
645 1062 798 1141 eenfifforis
824 1085 874 1121 tun
891 1064 996 1133 Pontis·
1017 1063 1108 1127 lxxxx.

62 1139 184 1199 dolorem
204 1140 343 1213 proderet.-
370 1158 419 1197 nee
436 1154 573 1213 propterea
636 1138 665 1195 D
683 1140 740 1198 le
777 1140 836 1198 1v.
866 1141 933 1211 JU
956 1142 982 1196 Ν
1001 1140 1016 1195 Ι
1034 1138 1068 1197 Ι.

62 1212 211 1287 quidquam
236 1213 270 1271 de
295 1210 422 1273 consueta
447 1212 485 1271 lui
512 1231 571 1269 cor·
614 1218 645 1267 ln
666 1210 732 1286 sesto
753 1224 779 1270 B.
803 1207 938 1286 francisci
965 1210 1106 1271 caracovia

62 1282 571 1360 potismacttatitxterernitrerttfiam·
699 1285 867 1361 confeffiris.
885 1284 1007 1362 Duplex.

61 1380 120 1433 que
140 1360 194 1418 ini
216 1360 263 1429 so,
280 1360 317 1419 ob
335 1360 497 1433 decrepitam
513 1376 573 1417 aeta·
800 1354 906 1417 oratio.
1025 1410 1028 1415 ,
1098 1420 1104 1429 Ι

63 1448 121 1493 tem
137 1429 184 1493 alli
203 1452 318 1504 namque
335 1433 518 1505 egritudinem
536 1430 571 1492 se·
606 1438 743 1565 Dima,
761 1437 809 1503 qui
821 1430 927 1489 beatmn
937 1431 1108 1493 franciscum

64 1508 231 1575 mimeram,
257 1503 329 1566 solua
348 1502 474 1569 Chrillus
499 1505 571 1579 trite·
687 1510 751 1565 novi
778 1505 894 1571 Ordinis
925 1502 1108 1569 institutorem

65 1576 130 1639 bar.
602 1578 691 1639 orandi
712 1576 816 1651 lindio,
833 1583 1111 1659 &nutrirentieamd

64 1662 102 1723 ii·
121 1654 232 1713 Amavit
249 1672 308 1712 eum
324 1652 480 1727 Dominus,
498 1656 572 1711 &or-
602 1674 628 1712 re
645 1650 771 1712 detoraili
781 1675 790 1721 ;
816 1650 849 1710 da
872 1651 982 1711 tumulis
1007 1656 1064 1713 tuis
1080 1656 1110 1713 in

64 1726 140 1783 navit
159 1746 233 1785 eutn·
255 1724 361 1784 lxxxiii.
602 1730 660 1797 ejus
679 1726 832 1785 imitatione
851 1728 889 1783 ita
905 1726 1054 1799 prolicere,
1079 1746 1109 1785 ut

252 1795 336 1861 zellia
352 1798 395 1860 vs‘.
604 1801 704 1869 semper
721 1816 844 1866 orantes,
861 1805 889 1857 dt
906 1819 1007 1873 corpus
1024 1800 1110 1857 inser·

108 1872 150 1935 Ui
169 1870 259 1931 obitus
279 1872 352 1933 diem
367 1872 472 1932 Divina
488 1872 574 1933 'reve
603 1876 717 1931 vitutem
747 1870 893 1943 redigentes
920 1872 952 1931 ad
978 1870 1110 1933 eelelleur

122 1944 222 2003 latione
249 1946 392 2019 predixit:
418 1965 473 2017 qua
499 1945 576 2006 adve-
601 1942 1041 2019 Gloriamperveniremereantut.
1059 1948 1112 2007 Per

64 2022 175 2087 niente,
193 2015 271 2078 illico
289 2040 322 2078 ex
341 2016 450 2090 ulcere,
469 2040 574 2093 quope-
603 2020 751 2077 Dominum
769 2016 896 2076 nollrum.
1089 2078 1092 2083 ,

64 2094 126 2155 eins
143 2089 519 2165 eiusgravixeralflrgebarur‚
537 2101 577 2153 ita
622 2089 752 2174 lrrnprimo
770 2088 927 2162 Noilurna,
941 2089 1069 2165 hillones
1080 2096 1111 2153 de

64 2162 222 2237 convalui13
248 2184 279 2225 ut
304 2185 337 2225 ne
361 2169 489 2239 exiguum
515 2170 574 2235 qui·
602 2172 743 2240 Scriptura
762 2183 926 2225 recurram.

64 2236 128 2299 dem
137 2241 197 2312 ejus
211 2236 352 2311 veliigium
367 2240 396 2297 in
413 2259 447 2298 eo
463 2260 504 2297 am
524 2238 577 2299 lius
694 2246 725 2295 in
739 2236 857 2325 seeundo·
868 2220 1020 2311 natitent.

61 2306 421 2391 appareret.Eetlefiallieis
430 2310 491 2371 dein
531 2316 574 2374 Sa·
785 2308 869 2374 Leilro
887 2313 931 2370 io.

64 2388 209 2451 trementia
226 2390 363 2451 munitus,
382 2385 448 2446 dum
458 2405 576 2446 unacum
652 2384 797 2448 Raneiscus
813 2387 901 2447 dicius
925 2405 1001 2449 antea
1027 2386 1112 2449 Asca-

63 2458 164 2519 eereris
179 2460 317 2519 Fratribus
335 2458 574 2524 annuntiemus,
668 2461 745 2525 nius,
773 2478 805 2517 ex
823 2458 908 2519 nobili
928 2460 1041 2523 Familia
1056 2462 1114 2517 Ca-

63 2532 161 2590 defixis
179 2534 206 2589 in
224 2532 320 2593 talum
336 2529 497 2596 luminibus,
514 2534 577 2593 Deo
602 2527 721 2591 racciolo
747 2534 774 2587 in
791 2528 909 2603 Oppido
933 2530 1026 2590 sentite
1054 2530 1114 2591 Ma·

85 2603 217 2672 falleret,
239 2626 271 2663 ex
298 2609 436 2678 corporeis
461 2602 578 2665 vinculis
603 2604 649 2663 riae
666 2603 698 2663 de
719 2601 798 2663 Villa
815 2606 844 2662 in
859 2605 976 2675 Aprutio
993 2621 1112 2677 ortus,a

62 2628 330 2739 laetiifimusanimus
344 2679 377 2737 ad
388 2683 505 2749 Superos
515 2700 575 2739 evo
604 2680 700 2751 primis
717 2678 790 2736 annis
808 2680 911 2735 eximio
934 2676 1031 2735 enituit
1050 2678 1115 2745 pie-

63 2752 156 2823 laxlt‚
174 2768 243 2811 anno
261 2750 353 2813 salutis
370 2751 511 2810 millesimo
526 2771 576 2811 ter·
605 2755 667 2811 tatis
684 2746 778 2809 cultu.
797 2748 957 2813 Adolescens
964 2756 1038 2809 unice
1048 2751 1112 2811 Deo

63 2824 212 2886 centeiimo
239 2824 460 2896 quartodecimo,
488 2828 574 2883 atatis
606 2820 728 2885 famulari
748 2843 893 2896 exoptans,
921 2820 1019 2885 dume
1037 2827 1119 2894 gravi.

63 2898 122 2958 suae
149 2897 325 2971 otiuagefimo
351 2902 447 2955 tertio.
478 2894 578 2957 Triduo
605 2893 1114 2959 morboxonraleseeretseculovaledi-

62 2972 178 3043 Corpus
195 2967 271 3036 eius,
295 2968 330 3027 ob
346 2970 507 3029 advenientis
525 2972 574 3029 Po·
604 2973 660 3029 xit.
676 2972 742 3029 Mox
749 2968 894 3043 Neapolim
904 2967 1057 3043 molestus,
1070 2976 1117 3035 Sa·

64 3040 315 3119 pulmentarium,
333 3042 499 3103 inhumatum
512 3046 577 3113 ,mi-
605 3043 874 3109 cerdotioinitiatus‚
886 3043 1116 3115 sacroqueadltri·

63 3116 177 3177 ellicum
196 3115 307 3175 odorem
320 3115 449 3191 spiravit,
470 3118 574 3191 piisFi·
606 3135 668 3246 faus
693 3114 835 3187 sodalitio,
865 3116 1116 3188 contemplationi,

63 3188 171 3251 delium
199 3190 319 3249 manibus
354 3192 428 3248 Beati
466 3187 576 3249 vellium
619 3189 793 3261 nefandisque
818 3192 955 3251 animabus
975 3191 1000 3249 se
1026 3207 1116 3250 totum

87 3260 441 3332 articulasdecerpentibur‚
461 3263 578 3322 Miratu·
606 3264 740 3334 devovit,
767 3284 799 3325 ae
830 3280 949 3323 extremo
982 3264 1118 3337 supplicio

63 3286 156 3397 lissum
174 3330 262 3405 gloria
277 3332 407 3405 illudriu
428 3342 454 3396 dt
474 3338 519 3406 qui
541 3338 578 3392 vi·
606 3337 735 3394 damnetis
752 3336 922 3397 hortatorem
949 3338 975 3396 se
1002 3339 1117 3413 prebuit

63 3430 116 3472 vua
136 3408 233 3468 multos
257 3410 347 3481 juvit,
361 3428 486 3467 mortuus
510 3408 576 3467 indi·
606 3404 753 3467 aiiiduum.
767 3413 892 3484 Contigit
902 3415 1118 3486 autem,utepi·

63 3482 191 3559 genitibus
220 3480 339 3557 ptodeffe
370 3501 422 3539 non
459 3478 577 3542 dellitit:
608 3480 713 3539 liolium
732 3481 810 3543 alteri
829 3482 987 3545 destinatum
1015 3489 1040 3543 ei
1070 3507 1117 3558 pet

64 3554 200 3630 lxprosos
216 3554 370 3624 mundavit,
397 3554 482 3613 surdis
506 3555 577 3615 audi·
607 3576 722 3614 errorem
737 3555 905 3625 redderetur,
932 3578 989 3629 quo
1019 3560 1116 3631 apiis-

66 3650 149 3690 tum,
175 3631 257 3685 mutis
283 3626 443 3698 loquelam,
470 3629 578 3699 graffum
607 3627 676 3685 limis
700 3631 773 3687 Viris
792 3634 890 3702 Ioanne
909 3630 1060 3704 Augustino
1079 3638 1117 3691 A·

64 3698 176 3764 claudis
196 3699 326 3774 reddidit,
344 3696 509 3775 parientibus
533 3701 576 3759 do·
608 3701 710 3773 domo,
729 3710 755 3762 dt
770 3705 1061 3765 FabricioCarattinio
1082 3706 1115 3765 ad

67 3775 142 3834 iores
158 3774 195 3831 eri
219 3780 279 3837 uit,
305 3778 411 3835 narium
436 3774 525 3832 ultera
544 3774 577 3835 la·
607 3778 667 3832 novi
698 3775 813 3846 religiosa
830 3776 948 3837 instituti
979 3776 1116 3837 fundatio-

68 3850 164 3915 navit,
194 3848 338 3906 tmivivam
355 3848 387 3906 ad
404 3866 525 3919 vegetam
537 3868 579 3905 va·
606 3868 666 3907 nem
686 3850 845 3913 vocabatur:
864 3852 903 3906 rei
921 3852 1040 3910 novitate
1048 3870 1114 3925 cap·

67 3918 217 3980 latudinem
244 3916 380 3991 reduxit,
404 3939 524 3979 mortuos
549 3921 665 4007 adfine,
683 3928 710 3981 ἃ
728 3919 826 3979 divine
852 3920 1002 3983 voluntatis
1027 3924 1115 3983 demi·
1186 3912 1195 3935 '

65 3996 154 4055 vitam
171 3993 316 4052 renotavit:
341 3992 465 4052 omnibus
490 3996 581 4053 omnia
606 4012 677 4052 ratus
702 3990 829 4063 consilia,
849 3993 931 4053 alteri
950 4000 1040 4057 aninao
1060 3997 1115 4057 sest

67 4064 173 4134 fadus,
191 4060 376 4140 proiulillinxe
402 4064 580 4127 beneficentiae
607 4063 660 4124 illis
677 4067 814 4139 adjunxit.
834 4067 963 4127 Conditis
978 4088 1068 4131 autem
1085 4073 1114 4131 in

63 4138 186 4221 prebuit
211 4134 350 4214 exempla.
375 4145 472 4205 Roma
497 4139 578 4203 sanai
606 4136 851 4203 camaldulensium
866 4162 976 4213 eterno,
999 4162 1056 4214 quo
1073 4142 1116 4205 se·

830 4237 849 4275 o
885 4234 900 4292 3
1003 4218 1079 4279 celit-
